@inproceedings{whatshap,
  author    = {Murray Patterson and
               Tobias Marschall and
               Nadia Pisanti and
               Leo van Iersel and
               Leen Stougie and
               Gunnar W. Klau and
               Alexander Sch{\"{o}}nhuth},
  title     = {WhatsHap: Haplotype Assembly for Future-Generation Sequencing Reads},
  booktitle = {Research in Computational Molecular Biology - 18th Annual International
               Conference, {RECOMB} 2014, Pittsburgh, PA, USA, April 2-5, 2014, Proceedings},
  pages     = {237--249},
  year      = {2014},
  crossref  = {DBLP:conf/recomb/2014},
  url       = {http://dx.doi.org/10.1007/978-3-319-05269-4_19},
  doi       = {10.1007/978-3-319-05269-4_19},
  timestamp = {Mon, 10 Mar 2014 10:12:40 +0100},
  biburl    = {http://dblp.uni-trier.de/rec/bib/conf/recomb/PattersonMPISKS14},
  bibsource = {dblp computer science bibliography, http://dblp.org}
}